<?xml version="1.0" encoding="UTF-8"?>
<collection xmlns:xsi="http://www.w3.org/2001/XMLSchema-instance" xsi:schemaLocation="http://www.loc.gov/MARC21/slim http://www.loc.gov/standards/marcxml/schema/MARC21slim.xsd" xmlns="http://www.loc.gov/MARC21/slim">
<record>
  <leader>00600cam a2200205 u 4500</leader>
  <controlfield tag="001">648044</controlfield>
  <controlfield tag="003">NNC</controlfield>
  <controlfield tag="005">20100307233240.0</controlfield>
  <controlfield tag="008">880511q19201921ua |||||||||||||||||ara||</controlfield>
  <datafield tag="035" ind1=" " ind2=" ">
    <subfield code="a">(OCoLC)506337142</subfield>
  </datafield>
  <datafield tag="035" ind1=" " ind2=" ">
    <subfield code="a">(OCoLC)ocn506337142</subfield>
  </datafield>
  <datafield tag="035" ind1=" " ind2=" ">
    <subfield code="a">(CStRLIN)NYCG88-B33611</subfield>
  </datafield>
  <datafield tag="035" ind1=" " ind2=" ">
    <subfield code="9">ACV5146CU</subfield>
  </datafield>
  <datafield tag="035" ind1=" " ind2=" ">
    <subfield code="a">(NNC)648044</subfield>
  </datafield>
  <datafield tag="100" ind1=" " ind2=" ">
    <subfield code="a">Khudari, Muhammad.</subfield>
  </datafield>
  <datafield tag="240" ind1=" " ind2="0">
    <subfield code="a">Nur al-yaqin fi sirat Sayyid al-Mursalin.</subfield>
  </datafield>
  <datafield tag="245" ind1="1" ind2="0">
    <subfield code="a">Kitab nur al-yaqin fi sirat Sayyid al-Mursalin.</subfield>
  </datafield>
  <datafield tag="250" ind1=" " ind2=" ">
    <subfield code="a">6th. ed.</subfield>
  </datafield>
  <datafield tag="260" ind1=" " ind2=" ">
    <subfield code="a">Misr :</subfield>
    <subfield code="b">Matbaʻat ʻIsa al-Babi al-Halabi,</subfield>
    <subfield code="c">1339h [i.e. 1920 or 1921]</subfield>
  </datafield>
  <datafield tag="300" ind1=" " ind2=" ">
    <subfield code="a">343 p.</subfield>
  </datafield>
  <datafield tag="955" ind1=" " ind2=" ">
    <subfield code="b">CU59576243</subfield>
    <subfield code="d">off,glx</subfield>
    <subfield code="e">ME06623</subfield>
  </datafield>
</record>
</collection>